@article{smith2010,
  author    = {Smith, John},
  title     = {A Comprehensive Study of LaTeX},
  journal   = {Journal of Typesetting},
  year      = {2010},
  volume    = {25},
  number    = {3},
  pages     = {123-145},
}

@book{jones2015,
  author    = {Jones, Mary},
  title     = {The LaTeX Manual: A Beginner's Guide},
  publisher = {Tech Publishing},
  year      = {2015},
  address   = {Cityville},
}

@inproceedings{brown2020,
  author    = {Brown, Robert and Green, Alice},
  title     = {Advanced LaTeX Techniques},
  booktitle = {Proceedings of the International Conference on Typesetting},
  year      = {2020},
  pages     = {45-67},
}

@techreport{white2018,
  author      = {White, Emily},
  title       = {A Survey on Modern Document Preparation},
  institution = {Tech Research Institute},
  year        = {2018},
  number      = {TR-2018-123},
}
